%! Author = koval
%! Date = 18.04.2021

@article{ts25,
    author = {J.G. De Gooijer and R.J. Hyndman},
    title = {25 years of time series forecasting},
    journal = {Int. J. Forecast. 22 (3)},
    year = {2006},
}
@article{box,
    author = {G.E.P. Box and G. Jenkins},
    title = {Time Series Analysis, Forecasting and Control},
    journal = {Holden-Day, San Francisco, CA},
    year = {1970},
}

@article{expsmooth,
    author = {Peter R. Winters},
    title = {Forecasting Sales by Exponentially Weighted Moving Averages},
    journal = {journal},
    year = {year},
}
@article{ar,
    author = {H Akaike},
    title = {Fitting autoregressive models for prediction},
    journal = {Annals of the institute of Statistical Mathematics},
    year = {1969},
}

@article{firstnn,
    author = {Lapedes, A. and Farber, R.},
    title = {Nonlinear signal processing using neural networks: Prediction and system modelling},
    journal = {United States: N. p.},
    year = {1987},
}
@article{lstm,
    author = {Martin Sundermeyer and Ralf Schlüter and Hermann Ney},
    title = {LSTM Neural Networks for Language Modeling},
    journal = {journal},
    year = {2012},
}
@article{lstm_ex1,
    author = {Felix A.},
    title = {Applying LSTM to Time Series Predictable Through Time-Window Approaches},
    journal = {GersDouglas EckJürgen Schmidhuber},
    year = {year},
}
@article{lstm_ex2,
    author = {Jian Cao and Zhi Li and Jian Li},
    title = {Financial time series forecasting model based on CEEMDAN and LSTM},
    journal = {journal},
    year = {2018},
}
@article{lstm_ex3,
    author = {Sima Siami-Namini and Neda Tavakoli and Akbar Siami Namin},
    title = {A Comparison of ARIMA and LSTM in Forecasting Time Series},
    journal = {journal},
    year = {year},
}
@article{ensemble_dl,
    author = {Xueheng Qiu and Le Zhang and Ye Ren and P. N. Suganthan and Gehan Amaratunga},
    title = {Ensemble deep learning for regression and time series forecasting},
    journal = {journal},
    year = {2014},
}
@article{ensemble_agri,
    author = {Matheus Henrique Dal Molin Ribeiro and Leandro dos Santos Coelho},
    title = {Ensemble approach based on bagging, boosting and stacking for short-term prediction in agribusiness time series},
    journal = {journal},
    year = {2020},
}
@book{arima,
    author = {Магнус Я. Р. and Катышев П. К. and Пересецкий А. А.},
    title = {Эконометрика. Начальный курс.},
    date = {2004.},
} % М.: Дело,  576 с.
@article{var,
    author = {Носко В.П.},
    title = {Эконометрика. Введение в регрессионный анализ временных рядов},
    journal = {journal},
    year = {year},
}
@article{snakemake,
    author = {Köster and Johannes and Rahmann and Sven.},
    title = {Snakemake - A scalable bioinformatics workflow engine},
    journal = {Bioinformatics },
    year = {2012},
}
@article{wavelet,
    author = {Wang, F. and Yu, Y. and Zhang, Z. and Li, J. and Zhen, Z.; Li, K.},
    title = {Wavelet Decomposition and Convolutional LSTM Networks Based Improved Deep Learning Model for Solar Irradiance Forecasting.},
    journal = {Appl. Sci. },
    year = {2018},
}
@misc{yahoo,
    url = {https://finance.yahoo.com/},
    title = {Yahoo Finance [Электронный ресурс]},
    date = {дата обращения: 20.12.2020},
}
@article{my_arima_article,
    author = {Ковалев С.С.},
    title = {Прогнозирование средневзвешенной цены торгов нефтепродуктами на бирже классическими методами анализа временных рядов.},
    journal = {Процессы управления и устойчивость. №51.},
    year = {2020},
}
@article{pywt,
    author = {Gregory R. Lee and Ralf Gommers and Filip Wasilewski and Kai Wohlfahrt and Aaron O’Leary},
    title = {PyWavelets: A Python package for wavelet analysis},
    journal = {Journal of Open Source Software},
    year = {2019},
} % 4(36), 1237
@misc{luigi,
    url = {https://github.com/spotify/luigi},
    title = {spotify/luigi: Luigi is a Python module that helps you build complex pipelines of batch jobs. It handles dependency resolution, workflow management, visualization etc. It also comes with Hadoop support built in.},
    date = {дата обращения 20.12.2020},
}
@misc{airflow,
    url = {https://airflow.apache.org/},
    title = {Apache Airflow},
    date = {дата обращения 20.12.2020},
}